@article{
  Salas-Rueda_Gamboa-Rodríguez_Salas-Rueda_Salas-Rueda_2020,
  place           = {Belo Horizonte-MG},
  title           = {Diseño de una aplicación web para el proceso educativo
                  sobre el uso del logaritmo en el campo de las matemáticas
                  financieras },
  volume          = 13,
  url             =
                  {https://periodicos.ufmg.br/index.php/textolivre/article/view/24070},
  DOI             = {10.17851/1983-3652.13.1.65-81},
  abstractNote    = {&amp;lt;p&amp;gt;Esta investigación cuantitativa tiene como
                  objetivo analizar el impacto de la Aplicación web para el
                  proceso Educativo sobre el Logaritmo (AEL) por medio de la
                  ciencia de datos y el aprendizaje automático (regresión
                  lineal). La muestra está compuesta por 29 alumnos que cursaron
                  la asignatura Matemáticas Básicas en una universidad mexicana
                  durante el ciclo escolar 2015. La AEL presenta el
                  procedimiento matemático sobre el uso del logaritmo para
                  calcular el tiempo (número de años) durante la solicitud de un
                  crédito bancario. El modelo TPACK permite organizar la AEL por
                  medio del conocimiento tecnológico (lenguaje de programación
                  PHP), conocimiento pedagógico (estrategia de simulación) y
                  conocimiento disciplinar (uso del logaritmo en el campo de las
                  matemáticas financieras). Los resultados del aprendizaje
                  automático con 50%, 60% y 70% de entrenamiento indican que la
                  AEL influye positivamente la asimilación del conocimiento
                  sobre el logaritmo, el desarrollo de habilidades matemáticas y
                  la comprensión sobre los conceptos teóricos del logaritmo en
                  el campo de las matemáticas financieras. Asimismo, la ciencia
                  de datos identifica tres modelos predictivos sobre el uso de
                  la AEL en el proceso de enseñanza-aprendizaje. Por último, la
                  tecnología está transformando la interacción entre los
                  contenidos escolares y estudiantes durante el Siglo
                  XXI.&amp;lt;/p&amp;gt;},
  number          = 1,
  journal         = {Texto Livre: Linguagem e Tecnologia},
  author          = {Salas-Rueda, Ricardo-Adán and Gamboa-Rodríguez, Fernando
                  and Salas-Rueda, Érika-Patricia and Salas-Rueda,
                  Rodrigo-David},
  year            = 2020,
  month           = {jul.},
  pages           = {65–81}
}
